@misc{lunasec:log4shell,
  title = "Log4Shell: RCE 0-day exploit found in log4j 2, a popular Java logging package",
  author = "LunaSec",
  url = "https://log4shell.com/",
  date = 2021,
}

@misc{bechler:log4shell,
  title = "PSA: Log4Shell and the current state of JNDI injection",
  author = "Moritz Bechler",
  url = "https://mbechler.github.io/2021/12/10/PSA_Log4Shell_JNDI_Injection/",
  date = 2021,
}

@misc{conikee:log4shell,
  title = "Log4Shell: JNDI Injection via Attackable Log4J",
  author = "Chetan Conikee",
  url = "https://www.shiftleft.io/blog/log4shell-jndi-injection-via-attackable-log4j/",
  date = 2021,
}

@misc{gallagher:log4shell,
  title = "Log4Shell: ecco come funziona l’exploit della vulnerabilità di Log4j",
  author = "Sean Gallagher, Hardik Shah",
  url = "https://www.cybersecurity360.it/nuove-minacce/log4shell-ecco-come-funziona-lexploit-della-vulnerabilita-di-log4j/",
  date = 2021,
}

@misc{munoz:jndiinjection,
  title = "A journey from JNDI/LDAP manipulation to Remote Code Execution dream land",
  author = "Alvaro Muñoz, Hardik Shah",
  url = "https://www.blackhat.com/docs/us-16/materials/us-16-Munoz-A-Journey-From-JNDI-LDAP-Manipulation-To-RCE.pdf",
  date = 2016,
}

@misc{bechler:security,
  title = "Java Unmarshaller Security",
  author = "Moritz Bechler",
  url = "https://www.javasec.cn/usr/uploads/2020/10/200962394.pdf",
  date = 2017,
}

@misc{yyhuni:jndiinjection,
  title = "JNDI injection utilization after 8u191",
  author = "yyhuni's",
  url = "https://www.cnblogs.com/yyhuni/p/15088134.html",
  date = 2021,
}